@Article{dai22,
  author =       {Hetong Dai and Heng Li and Che-Shao Chen and Weiyi Shang and Tse-Hsun (Peter) Chen},
  title =        {\emph{Logram}: Efficient Log Parsing Using $n$-Gram Dictionaries},
  journal =      {Transactions on Software Engineering},
  year =         2022,
  volume =    48,
  number =    3,
  pages =     {879--892},
  month =     {March},
  note =      {10.1109/TSE.2020.3007554}
}
